@manual{stmcurefman,
  title        = {{RM0090} Reference manual {STM32F405/415, STM32F407/417, STM32F427/437 and STM32F429/439} advanced {ARM}-based 32-bit {MCU}s},
  author       = {{ST Microelectronics}},
  organization = {ST Microelectronics},
  year         = {2020},
  url          = {https://www.st.com/resource/en/reference_manual/dm00031020-stm32f405-415-stm32f407-417-stm32f427-437-and-stm32f429-439-advanced-arm-based-32-bit-mcus-stmicroelectronics.pdf},
  keywords     = {en}
}

@manual{stmmcudatasheet,
  title        = {{STM32F427xx STM32F429xx} {32b Arm Cortex-M4 MCU+FPU, 225DMIPS,} up to {2MB Flash/256+4KB RAM, USB OTG HS/FS}, Ethernet, 17 {TIM}s, 3 {ADC}s, 20 com. interfaces, camera and {LCD-TFT}},
  author       = {{ST Microelectronics}},
  organization = {ST Microelectronics},
  year         = {2021},
  keywords     = {en}
}

